@book{Chong,
author = {{Edwin K. P. Chong}, Stanislaw H. Zak},
doi = {10.15713/ins.mmj.3},
file = {:C$\backslash$:/Users/cml/AppData/Local/Mendeley Ltd./Mendeley Desktop/Downloaded/Figure - Unknown - An introduction to optimization(2).pdf:pdf},
isbn = {9789004310087},
pages = {642},
pmid = {29982528},
title = {{An introduction to optimization}},
year = {2013}
}
